@article{mei2023deep,
  title={Deep Networks as Denoising Algorithms: Sample-Efficient Learning of Diffusion Models in High-Dimensional Graphical Models},
  author={Mei, Song and Wu, Yuchen},
  journal={arXiv preprint arXiv:2309.11420},
  year={2023}
}

@article{rajaraman2021provably,
  title={Provably breaking the quadratic error compounding barrier in imitation learning, optimally},
  author={Rajaraman, Nived and Han, Yanjun and Yang, Lin F and Ramchandran, Kannan and Jiao, Jiantao},
  journal={arXiv preprint arXiv:2102.12948},
  year={2021}
}

@inproceedings{ross2010efficient,
  title={Efficient reductions for imitation learning},
  author={Ross, St{\'e}phane and Bagnell, Drew},
  booktitle={Proceedings of the thirteenth international conference on artificial intelligence and statistics},
  pages={661--668},
  year={2010},
  organization={JMLR Workshop and Conference Proceedings}
}

@inproceedings{ross2011reduction,
  title={A reduction of imitation learning and structured prediction to no-regret online learning},
  author={Ross, St{\'e}phane and Gordon, Geoffrey and Bagnell, Drew},
  booktitle={Proceedings of the fourteenth international conference on artificial intelligence and statistics},
  pages={627--635},
  year={2011},
  organization={JMLR Workshop and Conference Proceedings}
}

@book{geer2000empirical,
  title={Empirical Processes in M-estimation},
  author={Geer, Sara A},
  volume={6},
  year={2000},
  publisher={Cambridge university press}
}


@article{radford2019language,
  title={Language models are unsupervised multitask learners},
  author={Radford, Alec and Wu, Jeffrey and Child, Rewon and Luan, David and Amodei, Dario and Sutskever, Ilya and others},
  journal={OpenAI blog},
  volume={1},
  number={8},
  pages={9},
  year={2019}
}


@article{dosovitskiy2020image,
  title={An image is worth 16x16 words: Transformers for image recognition at scale},
  author={Dosovitskiy, Alexey and Beyer, Lucas and Kolesnikov, Alexander and Weissenborn, Dirk and Zhai, Xiaohua and Unterthiner, Thomas and Dehghani, Mostafa and Minderer, Matthias and Heigold, Georg and Gelly, Sylvain and others},
  journal={arXiv preprint arXiv:2010.11929},
  year={2020}
}

@article{openai2023gpt,
  title={GPT-4 technical report},
  author={OpenAI},
  journal={arXiv preprint arXiv:2303.08774},
  year={2023}
}


@article{fu2023can,
  title={What can a Single Attention Layer Learn? A Study Through the Random Features Lens},
  author={Fu, Hengyu and Guo, Tianyu and Bai, Yu and Mei, Song},
  journal={arXiv preprint arXiv:2307.11353},
  year={2023}
}

@article{wei2022statistically,
  title={Statistically meaningful approximation: a case study on approximating turing machines with transformers},
  author={Wei, Colin and Chen, Yining and Ma, Tengyu},
  journal={Advances in Neural Information Processing Systems},
  volume={35},
  pages={12071--12083},
  year={2022}
}


@article{elhage2021mathematical,
  title={A mathematical framework for transformer circuits},
  author={Elhage, N and Nanda, N and Olsson, C and Henighan, T and Joseph, N and Mann, B and Askell, A and Bai, Y and Chen, A and Conerly, T and others},
  journal={Transformer Circuits Thread},
  year={2021}
}

@article{olsson2022context,
  title={In-context learning and induction heads},
  author={Olsson, Catherine and Elhage, Nelson and Nanda, Neel and Joseph, Nicholas and DasSarma, Nova and Henighan, Tom and Mann, Ben and Askell, Amanda and Bai, Yuntao and Chen, Anna and others},
  journal={arXiv preprint arXiv:2209.11895},
  year={2022}
}

@inproceedings{edelman2022inductive,
  title={Inductive biases and variable creation in self-attention mechanisms},
  author={Edelman, Benjamin L and Goel, Surbhi and Kakade, Sham and Zhang, Cyril},
  booktitle={International Conference on Machine Learning},
  pages={5793--5831},
  year={2022},
  organization={PMLR}
}

@inproceedings{weiss2021thinking,
  title={Thinking like transformers},
  author={Weiss, Gail and Goldberg, Yoav and Yahav, Eran},
  booktitle={International Conference on Machine Learning},
  pages={11080--11090},
  year={2021},
  organization={PMLR}
}

@article{snell2021approximating,
  title={Approximating how single head attention learns},
  author={Snell, Charlie and Zhong, Ruiqi and Klein, Dan and Steinhardt, Jacob},
  journal={arXiv preprint arXiv:2103.07601},
  year={2021}
}

@article{liu2022transformers,
  title={Transformers learn shortcuts to automata},
  author={Liu, Bingbin and Ash, Jordan T and Goel, Surbhi and Krishnamurthy, Akshay and Zhang, Cyril},
  journal={arXiv preprint arXiv:2210.10749},
  year={2022}
}
@article{hahn2020theoretical,
  title={Theoretical limitations of self-attention in neural sequence models},
  author={Hahn, Michael},
  journal={Transactions of the Association for Computational Linguistics},
  volume={8},
  pages={156--171},
  year={2020},
  publisher={MIT Press}
}

@article{bhattamishra2020ability,
  title={On the ability and limitations of transformers to recognize formal languages},
  author={Bhattamishra, Satwik and Ahuja, Kabir and Goyal, Navin},
  journal={arXiv preprint arXiv:2009.11264},
  year={2020}
}

@article{perez2019turing,
  title={On the turing completeness of modern neural network architectures},
  author={P{\'e}rez, Jorge and Marinkovi{\'c}, Javier and Barcel{\'o}, Pablo},
  journal={arXiv preprint arXiv:1901.03429},
  year={2019}
}

@article{yao2021self,
  title={Self-attention networks can process bounded hierarchical languages},
  author={Yao, Shunyu and Peng, Binghui and Papadimitriou, Christos and Narasimhan, Karthik},
  journal={arXiv preprint arXiv:2105.11115},
  year={2021}
}
@article{bhattamishra2020computational,
  title={On the computational power of transformers and its implications in sequence modeling},
  author={Bhattamishra, Satwik and Patel, Arkil and Goyal, Navin},
  journal={arXiv preprint arXiv:2006.09286},
  year={2020}
}
@article{zhang2022unveiling,
  title={Unveiling transformers with lego: a synthetic reasoning task},
  author={Zhang, Yi and Backurs, Arturs and Bubeck, S{\'e}bastien and Eldan, Ronen and Gunasekar, Suriya and Wagner, Tal},
  journal={arXiv preprint arXiv:2206.04301},
  year={2022}
}

@inproceedings{hron2020infinite,
  title={Infinite attention: NNGP and NTK for deep attention networks},
  author={Hron, Jiri and Bahri, Yasaman and Sohl-Dickstein, Jascha and Novak, Roman},
  booktitle={International Conference on Machine Learning},
  pages={4376--4386},
  year={2020},
  organization={PMLR}
}

@article{yun2019transformers,
  title={Are transformers universal approximators of sequence-to-sequence functions?},
  author={Yun, Chulhee and Bhojanapalli, Srinadh and Rawat, Ankit Singh and Reddi, Sashank J and Kumar, Sanjiv},
  journal={arXiv preprint arXiv:1912.10077},
  year={2019}
}




@article{devlin2018bert,
  title={Bert: Pre-training of deep bidirectional transformers for language understanding},
  author={Devlin, Jacob and Chang, Ming-Wei and Lee, Kenton and Toutanova, Kristina},
  journal={arXiv preprint arXiv:1810.04805},
  year={2018}
}

@article{vaswani2017attention,
  title={Attention is all you need},
  author={Vaswani, Ashish and Shazeer, Noam and Parmar, Niki and Uszkoreit, Jakob and Jones, Llion and Gomez, Aidan N and Kaiser, {\L}ukasz and Polosukhin, Illia},
  journal={Advances in neural information processing systems},
  volume={30},
  year={2017}
}

@article{vstrupl2022upside,
  title={Upside-down reinforcement learning can diverge in stochastic environments with episodic resets},
  author={Strupl, Miroslav and Faccio, Francesco and Ashley, Dylan R and Schmidhuber, J{\"u}rgen and Srivastava, Rupesh Kumar},
  journal={arXiv preprint arXiv:2205.06595},
  year={2022}
}

@article{paster2022you,
  title={You canâ€™t count on luck: Why decision transformers and rvs fail in stochastic environments},
  author={Paster, Keiran and McIlraith, Sheila and Ba, Jimmy},
  journal={Advances in Neural Information Processing Systems},
  volume={35},
  pages={38966--38979},
  year={2022}
}


@article{raventos2023pretraining,
  title={Pretraining task diversity and the emergence of non-Bayesian in-context learning for regression},
  author={Ravent{\'o}s, Allan and Paul, Mansheej and Chen, Feng and Ganguli, Surya},
  journal={arXiv preprint arXiv:2306.15063},
  year={2023}
}

@article{zintgraf2019varibad,
  title={Varibad: A very good method for bayes-adaptive deep rl via meta-learning},
  author={Zintgraf, Luisa and Shiarlis, Kyriacos and Igl, Maximilian and Schulze, Sebastian and Gal, Yarin and Hofmann, Katja and Whiteson, Shimon},
  journal={arXiv preprint arXiv:1910.08348},
  year={2019}
}

@article{humplik2019meta,
  title={Meta reinforcement learning as task inference},
  author={Humplik, Jan and Galashov, Alexandre and Hasenclever, Leonard and Ortega, Pedro A and Teh, Yee Whye and Heess, Nicolas},
  journal={arXiv preprint arXiv:1905.06424},
  year={2019}
}

@inproceedings{rakelly2019efficient,
  title={Efficient off-policy meta-reinforcement learning via probabilistic context variables},
  author={Rakelly, Kate and Zhou, Aurick and Finn, Chelsea and Levine, Sergey and Quillen, Deirdre},
  booktitle={International conference on machine learning},
  pages={5331--5340},
  year={2019},
  organization={PMLR}
}


@article{gupta2018meta,
  title={Meta-reinforcement learning of structured exploration strategies},
  author={Gupta, Abhishek and Mendonca, Russell and Liu, YuXuan and Abbeel, Pieter and Levine, Sergey},
  journal={Advances in neural information processing systems},
  volume={31},
  year={2018}
}

@article{rothfuss2018promp,
  title={Promp: Proximal meta-policy search},
  author={Rothfuss, Jonas and Lee, Dennis and Clavera, Ignasi and Asfour, Tamim and Abbeel, Pieter},
  journal={arXiv preprint arXiv:1810.06784},
  year={2018}
}

@article{nagabandi2018learning,
  title={Learning to adapt in dynamic, real-world environments through meta-reinforcement learning},
  author={Nagabandi, Anusha and Clavera, Ignasi and Liu, Simin and Fearing, Ronald S and Abbeel, Pieter and Levine, Sergey and Finn, Chelsea},
  journal={arXiv preprint arXiv:1803.11347},
  year={2018}
}

@inproceedings{fu2016one,
  title={One-shot learning of manipulation skills with online dynamics adaptation and neural network priors},
  author={Fu, Justin and Levine, Sergey and Abbeel, Pieter},
  booktitle={2016 IEEE/RSJ International Conference on Intelligent Robots and Systems (IROS)},
  pages={4019--4026},
  year={2016},
  organization={IEEE}
}

@book{thrun2012learning,
  title={Learning to learn},
  author={Thrun, Sebastian and Pratt, Lorien},
  year={2012},
  publisher={Springer Science \& Business Media}
}

@inproceedings{naik1992meta,
  title={Meta-neural networks that learn by learning},
  author={Naik, Devang K and Mammone, Richard J},
  booktitle={[Proceedings 1992] IJCNN International Joint Conference on Neural Networks},
  volume={1},
  pages={437--442},
  year={1992},
  organization={IEEE}
}

@article{schmidhuber1992learning,
  title={Learning to control fast-weight memories: An alternative to dynamic recurrent networks},
  author={Schmidhuber, J{\"u}rgen},
  journal={Neural Computation},
  volume={4},
  number={1},
  pages={131--139},
  year={1992},
  publisher={MIT Press One Rogers Street, Cambridge, MA 02142-1209, USA journals-info~â€¦}
}


@phdthesis{schmidhuber1987evolutionary,
  title={Evolutionary principles in self-referential learning, or on learning how to learn: the meta-meta-... hook},
  author={Schmidhuber, J{\"u}rgen},
  year={1987},
  school={Technische Universit{\"a}t M{\"u}nchen}
}




@article{ahn2023transformers,
  title={Transformers learn to implement preconditioned gradient descent for in-context learning},
  author={Ahn, Kwangjun and Cheng, Xiang and Daneshmand, Hadi and Sra, Suvrit},
  journal={arXiv preprint arXiv:2306.00297},
  year={2023}
}

@article{zhang2023trained,
  title={Trained Transformers Learn Linear Models In-Context},
  author={Zhang, Ruiqi and Frei, Spencer and Bartlett, Peter L},
  journal={arXiv preprint arXiv:2306.09927},
  year={2023}
}

@article{shen2023study,
  title={A Study on ReLU and Softmax in Transformer},
  author={Shen, Kai and Guo, Junliang and Tan, Xu and Tang, Siliang and Wang, Rui and Bian, Jiang},
  journal={arXiv preprint arXiv:2302.06461},
  year={2023}
}

@article{wortsman2023replacing,
  title={Replacing softmax with ReLU in Vision Transformers},
  author={Wortsman, Mitchell and Lee, Jaehoon and Gilmer, Justin and Kornblith, Simon},
  journal={arXiv preprint arXiv:2309.08586},
  year={2023}
}


@article{rashidinejad2021bridging,
  title={Bridging offline reinforcement learning and imitation learning: A tale of pessimism},
  author={Rashidinejad, Paria and Zhu, Banghua and Ma, Cong and Jiao, Jiantao and Russell, Stuart},
  journal={Advances in Neural Information Processing Systems},
  volume={34},
  pages={11702--11716},
  year={2021}
}


@article{rajaraman2020toward,
  title={Toward the fundamental limits of imitation learning},
  author={Rajaraman, Nived and Yang, Lin and Jiao, Jiantao and Ramchandran, Kannan},
  journal={Advances in Neural Information Processing Systems},
  volume={33},
  pages={2914--2924},
  year={2020}
}


@inproceedings{wang2020global,
  title={On the global optimality of model-agnostic meta-learning},
  author={Wang, Lingxiao and Cai, Qi and Yang, Zhuoran and Wang, Zhaoran},
  booktitle={International conference on machine learning},
  pages={9837--9846},
  year={2020},
  organization={PMLR}
}

@article{li2020focal,
  title={Focal: Efficient fully-offline meta-reinforcement learning via distance metric learning and behavior regularization},
  author={Li, Lanqing and Yang, Rui and Luo, Dijun},
  journal={arXiv preprint arXiv:2010.01112},
  year={2020}
}


@inproceedings{mitchell2021offline,
  title={Offline meta-reinforcement learning with advantage weighting},
  author={Mitchell, Eric and Rafailov, Rafael and Peng, Xue Bin and Levine, Sergey and Finn, Chelsea},
  booktitle={International Conference on Machine Learning},
  pages={7780--7791},
  year={2021},
  organization={PMLR}
}


@article{dorfman2021offline,
  title={Offline Meta Reinforcement Learning--Identifiability Challenges and Effective Data Collection Strategies},
  author={Dorfman, Ron and Shenfeld, Idan and Tamar, Aviv},
  journal={Advances in Neural Information Processing Systems},
  volume={34},
  pages={4607--4618},
  year={2021}
}

@article{nichol2018first,
  title={On first-order meta-learning algorithms},
  author={Nichol, Alex and Achiam, Joshua and Schulman, John},
  journal={arXiv preprint arXiv:1803.02999},
  year={2018}
}


@inproceedings{finn2017model,
  title={Model-agnostic meta-learning for fast adaptation of deep networks},
  author={Finn, Chelsea and Abbeel, Pieter and Levine, Sergey},
  booktitle={International conference on machine learning},
  pages={1126--1135},
  year={2017},
  organization={PMLR}
}


@inproceedings{hochreiter2001learning,
  title={Learning to learn using gradient descent},
  author={Hochreiter, Sepp and Younger, A Steven and Conwell, Peter R},
  booktitle={Artificial Neural Networksâ€”ICANN 2001: International Conference Vienna, Austria, August 21--25, 2001 Proceedings 11},
  pages={87--94},
  year={2001},
  organization={Springer}
}

@article{ishii2002control,
  title={Control of exploitation--exploration meta-parameter in reinforcement learning},
  author={Ishii, Shin and Yoshida, Wako and Yoshimoto, Junichiro},
  journal={Neural networks},
  volume={15},
  number={4-6},
  pages={665--687},
  year={2002},
  publisher={Elsevier}
}

@article{duan2016rl,
  title={Rl$^2$: Fast reinforcement learning via slow reinforcement learning},
  author={Duan, Yan and Schulman, John and Chen, Xi and Bartlett, Peter L and Sutskever, Ilya and Abbeel, Pieter},
  journal={arXiv preprint arXiv:1611.02779},
  year={2016}
}


@inproceedings{pong2022offline,
  title={Offline meta-reinforcement learning with online self-supervision},
  author={Pong, Vitchyr H and Nair, Ashvin V and Smith, Laura M and Huang, Catherine and Levine, Sergey},
  booktitle={International Conference on Machine Learning},
  pages={17811--17829},
  year={2022},
  organization={PMLR}
}


@article{schaul2010metalearning,
  title={Metalearning},
  author={Schaul, Tom and Schmidhuber, J{\"u}rgen},
  journal={Scholarpedia},
  volume={5},
  number={6},
  pages={4650},
  year={2010}
}

@book{bengio1990learning,
  title={Learning a synaptic learning rule},
  author={Bengio, Yoshua and Bengio, Samy and Cloutier, Jocelyn},
  year={1990},
  publisher={Citeseer}
}

@article{shafiullah2022behavior,
  title={Behavior Transformers: Cloning $ k $ modes with one stone},
  author={Shafiullah, Nur Muhammad and Cui, Zichen and Altanzaya, Ariuntuya Arty and Pinto, Lerrel},
  journal={Advances in neural information processing systems},
  volume={35},
  pages={22955--22968},
  year={2022}
}

@article{brohan2022rt,
  title={Rt-1: Robotics transformer for real-world control at scale},
  author={Brohan, Anthony and Brown, Noah and Carbajal, Justice and Chebotar, Yevgen and Dabis, Joseph and Finn, Chelsea and Gopalakrishnan, Keerthana and Hausman, Karol and Herzog, Alex and Hsu, Jasmine and others},
  journal={arXiv preprint arXiv:2212.06817},
  year={2022}
}

@article{brandfonbrener2022does,
  title={When does return-conditioned supervised learning work for offline reinforcement learning?},
  author={Brandfonbrener, David and Bietti, Alberto and Buckman, Jacob and Laroche, Romain and Bruna, Joan},
  journal={Advances in Neural Information Processing Systems},
  volume={35},
  pages={1542--1553},
  year={2022}
}

@article{yang2022dichotomy,
  title={Dichotomy of control: Separating what you can control from what you cannot},
  author={Yang, Mengjiao and Schuurmans, Dale and Abbeel, Pieter and Nachum, Ofir},
  journal={arXiv preprint arXiv:2210.13435},
  year={2022}
}


@article{yang2023foundation,
  title={Foundation models for decision making: Problems, methods, and opportunities},
  author={Yang, Sherry and Nachum, Ofir and Du, Yilun and Wei, Jason and Abbeel, Pieter and Schuurmans, Dale},
  journal={arXiv preprint arXiv:2303.04129},
  year={2023}
}

@article{reed2022generalist,
  title={A generalist agent},
  author={Reed, Scott and Zolna, Konrad and Parisotto, Emilio and Colmenarejo, Sergio Gomez and Novikov, Alexander and Barth-Maron, Gabriel and Gimenez, Mai and Sulsky, Yury and Kay, Jackie and Springenberg, Jost Tobias and others},
  journal={arXiv preprint arXiv:2205.06175},
  year={2022}
}

@article{lee2022multi,
  title={Multi-game decision transformers},
  author={Lee, Kuang-Huei and Nachum, Ofir and Yang, Mengjiao Sherry and Lee, Lisa and Freeman, Daniel and Guadarrama, Sergio and Fischer, Ian and Xu, Winnie and Jang, Eric and Michalewski, Henryk and others},
  journal={Advances in Neural Information Processing Systems},
  volume={35},
  pages={27921--27936},
  year={2022}
}

@article{janner2021offline,
  title={Offline reinforcement learning as one big sequence modeling problem},
  author={Janner, Michael and Li, Qiyang and Levine, Sergey},
  journal={Advances in neural information processing systems},
  volume={34},
  pages={1273--1286},
  year={2021}
}


@article{chen2021decision,
  title={Decision transformer: Reinforcement learning via sequence modeling},
  author={Chen, Lili and Lu, Kevin and Rajeswaran, Aravind and Lee, Kimin and Grover, Aditya and Laskin, Misha and Abbeel, Pieter and Srinivas, Aravind and Mordatch, Igor},
  journal={Advances in neural information processing systems},
  volume={34},
  pages={15084--15097},
  year={2021}
}

@article{xie2021explanation,
  title={An explanation of in-context learning as implicit bayesian inference},
  author={Xie, Sang Michael and Raghunathan, Aditi and Liang, Percy and Ma, Tengyu},
  journal={arXiv preprint arXiv:2111.02080},
  year={2021}
}


@article{akyurek2022learning,
  title={What learning algorithm is in-context learning? investigations with linear models},
  author={Aky{\"u}rek, Ekin and Schuurmans, Dale and Andreas, Jacob and Ma, Tengyu and Zhou, Denny},
  journal={arXiv preprint arXiv:2211.15661},
  year={2022}
}


@article{li2023transformers,
  title={Transformers as algorithms: Generalization and implicit model selection in in-context learning},
  author={Li, Yingcong and Ildiz, M Emrullah and Papailiopoulos, Dimitris and Oymak, Samet},
  journal={arXiv preprint arXiv:2301.07067},
  year={2023}
}

@inproceedings{von2023transformers,
  title={Transformers learn in-context by gradient descent},
  author={Von Oswald, Johannes and Niklasson, Eyvind and Randazzo, Ettore and Sacramento, Jo{\~a}o and Mordvintsev, Alexander and Zhmoginov, Andrey and Vladymyrov, Max},
  booktitle={International Conference on Machine Learning},
  pages={35151--35174},
  year={2023},
  organization={PMLR}
}


@article{garg2022can,
  title={What can transformers learn in-context? a case study of simple function classes},
  author={Garg, Shivam and Tsipras, Dimitris and Liang, Percy S and Valiant, Gregory},
  journal={Advances in Neural Information Processing Systems},
  volume={35},
  pages={30583--30598},
  year={2022}
}


@article{brown2020language,
  title={Language models are few-shot learners},
  author={Brown, Tom and Mann, Benjamin and Ryder, Nick and Subbiah, Melanie and Kaplan, Jared D and Dhariwal, Prafulla and Neelakantan, Arvind and Shyam, Pranav and Sastry, Girish and Askell, Amanda and others},
  journal={Advances in neural information processing systems},
  volume={33},
  pages={1877--1901},
  year={2020}
}


@article{laskin2022context,
  title={In-context reinforcement learning with algorithm distillation},
  author={Laskin, Michael and Wang, Luyu and Oh, Junhyuk and Parisotto, Emilio and Spencer, Stephen and Steigerwald, Richie and Strouse, DJ and Hansen, Steven and Filos, Angelos and Brooks, Ethan and others},
  journal={arXiv preprint arXiv:2210.14215},
  year={2022}
}

@article{lee2023supervised,
  title={Supervised Pretraining Can Learn In-Context Reinforcement Learning},
  author={Lee, Jonathan N and Xie, Annie and Pacchiano, Aldo and Chandak, Yash and Finn, Chelsea and Nachum, Ofir and Brunskill, Emma},
  journal={arXiv preprint arXiv:2306.14892},
  year={2023}
}

@article{wang2016learning,
  title={Learning to reinforcement learn},
  author={Wang, Jane X and Kurth-Nelson, Zeb and Tirumala, Dhruva and Soyer, Hubert and Leibo, Joel Z and Munos, Remi and Blundell, Charles and Kumaran, Dharshan and Botvinick, Matt},
  journal={arXiv preprint arXiv:1611.05763},
  year={2016}
}

@inproceedings{deshpande2018accurate,
  title={Accurate inference for adaptive linear models},
  author={Deshpande, Yash and Mackey, Lester and Syrgkanis, Vasilis and Taddy, Matt},
  booktitle={International Conference on Machine Learning},
  pages={1194--1203},
  year={2018},
  organization={PMLR}
}

@book{box2015time,
  title={Time series analysis: forecasting and control},
  author={Box, George EP and Jenkins, Gwilym M and Reinsel, Gregory C and Ljung, Greta M},
  year={2015},
  publisher={John Wiley \& Sons}
}

@inproceedings{fontaine2021online,
  title={Online a-optimal design and active linear regression},
  author={Fontaine, Xavier and Perrault, Pierre and Valko, Michal and Perchet, Vianney},
  booktitle={International Conference on Machine Learning},
  pages={3374--3383},
  year={2021},
  organization={PMLR}
}


@inproceedings{celentano2020estimation,
  title={The estimation error of general first order methods},
  author={Celentano, Michael and Montanari, Andrea and Wu, Yuchen},
  booktitle={Conference on Learning Theory},
  pages={1078--1141},
  year={2020},
  organization={PMLR}
}


@inproceedings{agarwal2014taming,
  title={Taming the monster: A fast and simple algorithm for contextual bandits},
  author={Agarwal, Alekh and Hsu, Daniel and Kale, Satyen and Langford, John and Li, Lihong and Schapire, Robert},
  booktitle={International Conference on Machine Learning},
  pages={1638--1646},
  year={2014},
  organization={PMLR}
}
@book{mccullagh1989generalized,
  author = {McCullagh, P. and Nelder, J.A.},
  series = {Chapman and Hall/CRC Monographs on Statistics and Applied Probability Series},
  title = {Generalized Linear Models, Second Edition},
  year = {1989}
}

@article{bodory2022evaluating,
    author = {Bodory, Hugo and Huber, Martin and LaffÃ©rs, LukÃ¡Å¡},
    title = "{Evaluating (weighted) dynamic treatment effects by double machine learning}",
    journal = {The Econometrics Journal},
    year = {2022},
    issn = {1368-4221}
}

@article{chernozhukov2018double,
author = {Chernozhukov, Victor and Chetverikov, Denis and Demirer, Mert and Duflo, Esther and Hansen, Christian and Newey, Whitney and Robins, James},
title = {Double/debiased machine learning for treatment and structural parameters},
journal = {The Econometrics Journal},
volume = {21},
number = {1},
pages = {C1-C68},
doi = {https://doi.org/10.1111/ectj.12097},
year = {2018}
}



@inproceedings{oh2021sparsity,
  title={Sparsity-agnostic lasso bandit},
  author={Oh, Min-hwan and Iyengar, Garud and Zeevi, Assaf},
  booktitle={International Conference on Machine Learning},
  pages={8271--8280},
  year={2021},
  organization={PMLR}
}
@inproceedings{kato2021adaptive,
 author = {Kato, Masahiro and McAlinn, Kenichiro and Yasui, Shota},
 booktitle = {Advances in Neural Information Processing Systems},
 pages = {1351--1364},
 title = {The Adaptive Doubly Robust Estimator and a Paradox Concerning Logging Policy},
 url = {https://proceedings.neurips.cc/paper/2021/file/09e7655fc1dc8fa7c9d6c4478313d5e6-Paper.pdf},
 volume = {34},
 year = {2021}
}


@article{zhang2022statistical,
  title={Statistical Inference After Adaptive Sampling in Non-Markovian Environments},
  author={Zhang, Kelly W and Janson, Lucas and Murphy, Susan A},
  journal={arXiv preprint arXiv:2202.07098},
  year={2022}
}


@article{zhang2020inference,
  title={Inference for batched bandits},
  author={Zhang, Kelly and Janson, Lucas and Murphy, Susan},
  journal={Advances in Neural Information Processing Systems},
  volume={33},
  pages={9818--9829},
  year={2020}
}
@article{dwivedi2022counterfactual,
  title={Counterfactual inference for sequential experimental design},
  author={Dwivedi, Raaz and Murphy, Susan and Shah, Devavrat},
  journal={arXiv preprint arXiv:2202.06891},
  year={2022}
}


@article{chernozhukov2022automatic,
  doi = {10.48550/ARXIV.2203.13887},
  
  journal = {arXiv preprint arXiv:2203.13887},
  
  author = {Chernozhukov, Victor and Newey, Whitney and Singh, Rahul and Syrgkanis, Vasilis},
  
  title = {Automatic Debiased Machine Learning for Dynamic Treatment Effects and General Nested Functionals},
  
  publisher = {arXiv},
  year = {2022},
  }



@inproceedings{stein1956efficient,
  title={Efficient nonparametric testing and estimation},
  author={Stein, Charles and others},
  booktitle={Proceedings of the third Berkeley symposium on mathematical statistics and probability},
  volume={1},
  pages={187--195},
  year={1956}
}

@article{koshevnik1977non,
  title={On a non-parametric analogue of the information matrix},
  author={Koshevnik, Yu A and Levit, B Ya},
  journal={Theory of Probability \& Its Applications},
  volume={21},
  number={4},
  pages={738--753},
  year={1977},
  publisher={SIAM}
}

@article{levit1976efficiency,
  title={On the efficiency of a class of non-parametric estimates},
  author={Levit, B Ya},
  journal={Theory of Probability \& Its Applications},
  volume={20},
  number={4},
  pages={723--740},
  year={1976},
  publisher={SIAM}
}

@book{pfanzagl2012contributions,
  title={Contributions to a general asymptotic statistical theory},
  author={Pfanzagl, Johann},
  volume={13},
  year={2012},
  publisher={Springer Science \& Business Media}
}

@book{koshy2008catalan,
  title={Catalan numbers with applications},
  author={Koshy, Thomas},
  year={2008},
  publisher={Oxford University Press}
}

@book{horn2012matrix,
  title={Matrix analysis},
  author={Horn, Roger A and Johnson, Charles R},
  year={2012},
  publisher={Cambridge university press}
}

@article{zhang2014confidence,
  title={Confidence intervals for low dimensional parameters in high dimensional linear models},
  author={Zhang, Cun-Hui and Zhang, Stephanie S},
  journal={Journal of the Royal Statistical Society: Series B (Statistical Methodology)},
  volume={76},
  number={1},
  pages={217--242},
  year={2014},
  publisher={Wiley Online Library}
}
@article{bodory2020evaluating,
  title={Evaluating (weighted) dynamic treatment effects by double machine learning},
  author={Bodory, Hugo and Huber, Martin and Laff{\'e}rs, Luk{\'a}{\v{s}}},
  journal={arXiv preprint arXiv:2012.00370},
  year={2020}
}

@article{begun1983information,
  title={Information and asymptotic efficiency in parametric-nonparametric models},
  author={Begun, Janet M and Hall, W Jackson and Huang, Wei-Min and Wellner, Jon A},
  journal={The Annals of Statistics},
  volume={11},
  number={2},
  pages={432--452},
  year={1983},
  publisher={Institute of Mathematical Statistics}
}

@inproceedings{lewis2021double,
 author = {Lewis, Greg and Syrgkanis, Vasilis},
 booktitle = {Advances in Neural Information Processing Systems},
 pages = {22695--22707},
 publisher = {Curran Associates, Inc.},
 title = {Double/Debiased Machine Learning for Dynamic Treatment Effects},
 url = {https://proceedings.neurips.cc/paper/2021/file/bf65417dcecc7f2b0006e1f5793b7143-Paper.pdf},
 volume = {34},
 year = {2021}
}

@article{mannor2004sample,
  title={The sample complexity of exploration in the multi-armed bandit problem},
  author={Mannor, Shie and Tsitsiklis, John N},
  journal={Journal of Machine Learning Research},
  volume={5},
  pages={623--648},
  year={2004}
}

@article{hadad2021confidence,
  title={Confidence intervals for policy evaluation in adaptive experiments},
  author={Hadad, Vitor and Hirshberg, David A and Zhan, Ruohan and Wager, Stefan and Athey, Susan},
  journal={Proceedings of the National Academy of Sciences},
  volume={118},
  number={15},
  pages={e2014602118},
  year={2021},
  publisher={National Acad Sciences}
}



@article{bibaut2021post,
  title={Post-contextual-bandit inference},
  author={Bibaut, Aur{\'e}lien and Dimakopoulou, Maria and Kallus, Nathan and Chambaz, Antoine and van der Laan, Mark},
  journal={Advances in Neural Information Processing Systems},
  volume={34},
  pages={28548--28559},
  year={2021}
}

@inproceedings{zhan2021off,
  title={Off-policy evaluation via adaptive weighting with data from contextual bandits},
  author={Zhan, Ruohan and Hadad, Vitor and Hirshberg, David A and Athey, Susan},
  booktitle={Proceedings of the 27th ACM SIGKDD Conference on Knowledge Discovery \& Data Mining},
  pages={2125--2135},
  year={2021}
}

@inproceedings{dimakopoulou2021online,
 author = {Dimakopoulou, Maria and Ren, Zhimei and Zhou, Zhengyuan},
 booktitle = {Advances in Neural Information Processing Systems},
 editor = {M. Ranzato and A. Beygelzimer and Y. Dauphin and P.S. Liang and J. Wortman Vaughan},
 pages = {1939--1951},
 publisher = {Curran Associates, Inc.},
 title = {Online Multi-Armed Bandits with Adaptive Inference},
 url = {https://proceedings.neurips.cc/paper/2021/file/0ec04cb3912c4f08874dd03716f80df1-Paper.pdf},
 volume = {34},
 year = {2021}
}


@article{zhan2021policy,
  title={Policy learning with adaptively collected data},
  author={Zhan, Ruohan and Ren, Zhimei and Athey, Susan and Zhou, Zhengyuan},
  journal={arXiv preprint arXiv:2105.02344},
  year={2021}
}





@article{dwivedi2022counterfactual,
  title={Counterfactual inference for sequential experimental design},
  author={Dwivedi, Raaz and Murphy, Susan and Shah, Devavrat},
  journal={arXiv preprint arXiv:2202.06891},
  year={2022}
}
@article{newey1990semiparametric,
 ISSN = {08837252, 10991255},
 URL = {http://www.jstor.org/stable/2096601},
 author = {Whitney K. Newey},
 journal = {Journal of Applied Econometrics},
 number = {2},
 pages = {99--135},
 publisher = {Wiley},
 title = {Semiparametric Efficiency Bounds},
 urldate = {2022-07-07},
 volume = {5},
 year = {1990}
}

 Optimal asymptotic tests of composite statistical hypotheses. In U. Grenander (Ed.),
Probability and Statistics, 416â€“44. New York, NY: Wiley.

@article{neyman1959optimal,
 author = {J. Neyman},
 journal = {In U. Grenander (Ed.),
Probability and Statistics},
 pages = {416--44},
 publisher = {Wiley},
 title = {Optimal asymptotic tests of composite statistical hypotheses},
 urldate = {2022-07-07},
 year = {1959}
}

@book{van2011targeted,
  title={Targeted learning: causal inference for observational and experimental data},
  author={Van der Laan, Mark J and Rose, Sherri and others},
  volume={10},
  year={2011},
  publisher={Springer}
}

@article{chen2003estimation,
  title={Estimation of semiparametric models when the criterion function is not smooth},
  author={Chen, Xiaohong and Linton, Oliver and Van Keilegom, Ingrid},
  journal={Econometrica},
  volume={71},
  number={5},
  pages={1591--1608},
  year={2003},
  publisher={Wiley Online Library}
}

@article{robins1995semiparametric,
  title={Semiparametric efficiency in multivariate regression models with missing data},
  author={Robins, James M and Rotnitzky, Andrea},
  journal={Journal of the American Statistical Association},
  volume={90},
  number={429},
  pages={122--129},
  year={1995},
  publisher={Taylor \& Francis}
}

@article{andrews1994asymptotics,
  title={Asymptotics for semiparametric econometric models via stochastic equicontinuity},
  author={Andrews, Donald WK},
  journal={Econometrica: Journal of the Econometric Society},
  pages={43--72},
  year={1994},
  publisher={JSTOR}
}


@article{belloni2016post,
  title={Post-selection inference for generalized linear models with many controls},
  author={Belloni, Alexandre and Chernozhukov, Victor and Wei, Ying},
  journal={Journal of Business \& Economic Statistics},
  volume={34},
  number={4},
  pages={606--619},
  year={2016},
  publisher={Taylor \& Francis}
}
@article{javanmard2014confidence,
  title={Confidence intervals and hypothesis testing for high-dimensional regression},
  author={Javanmard, Adel and Montanari, Andrea},
  journal={The Journal of Machine Learning Research},
  volume={15},
  number={1},
  pages={2869--2909},
  year={2014},
  publisher={JMLR. org}
}

@article{angrist1995split,
  title={Split-sample instrumental variables estimates of the return to schooling},
  author={Angrist, Joshua D and Krueger, Alan B},
  journal={Journal of Business \& Economic Statistics},
  volume={13},
  number={2},
  pages={225--235},
  year={1995},
  publisher={Taylor \& Francis}
}

@article{schick1986asymptotically,
  title={On asymptotically efficient estimation in semiparametric models},
  author={Schick, Anton},
  journal={The Annals of Statistics},
  pages={1139--1151},
  year={1986},
  publisher={JSTOR}
}

@article{liu2021double,
  title={Double/debiased machine learning for logistic partially linear model},
  author={Liu, Molei and Zhang, Yi and Zhou, Doudou},
  journal={The Econometrics Journal},
  volume={24},
  number={3},
  pages={559--588},
  year={2021},
  publisher={Oxford University Press}
}


@article{nie2020quasi,
    author = {Nie, X and Wager, S},
    title = "{Quasi-oracle estimation of heterogeneous treatment effects}",
    journal = {Biometrika},
    volume = {108},
    number = {2},
    pages = {299-319},
    year = {2020},
    month = {09},
    issn = {0006-3444},
    doi = {10.1093/biomet/asaa076},
    url = {https://doi.org/10.1093/biomet/asaa076},
    eprint = {https://academic.oup.com/biomet/article-pdf/108/2/299/37938939/asaa076.pdf},
}


@article{kennedy2020towards,
  author = {Kennedy, Edward H.},
  
  keywords = {Statistics Theory (math.ST), FOS: Mathematics, FOS: Mathematics},
  
  title = {Towards optimal doubly robust estimation of heterogeneous causal effects},
  
  journal = {arXiv preprint arXiv:2004.14497},
  
  year = {2020},

}



@article{fan2022estimation,
author = {Qingliang Fan and Yu-Chin Hsu and Robert P. Lieli and Yichong Zhang},
title = {Estimation of Conditional Average Treatment Effects With High-Dimensional Data},
journal = {Journal of Business \& Economic Statistics},
volume = {40},
number = {1},
pages = {313-327},
year  = {2022},
publisher = {Taylor & Francis},
doi = {10.1080/07350015.2020.1811102},

URL = { 
        https://doi.org/10.1080/07350015.2020.1811102
    
},
eprint = { 
        https://doi.org/10.1080/07350015.2020.1811102
    
}

}

@article{knaus2022double,
    author = {Knaus, Michael C},
    title = "{Double machine learning-based programme evaluation under unconfoundedness}",
    journal = {The Econometrics Journal},
    year = {2022},
    month = {06},
    eprint = {https://academic.oup.com/ectj/advance-article-pdf/doi/10.1093/ectj/utac015/44010461/utac015.pdf},
}



@article{cui2020estimating,
  title={Estimating heterogeneous treatment effects with right-censored data via causal survival forests},
  author={Cui, Yifan and Kosorok, Michael R and Sverdrup, Erik and Wager, Stefan and Zhu, Ruoqing},
  journal={arXiv preprint arXiv:2001.09887},
  year={2020}
}


@article{athey2019generalized,
  title={Generalized random forests},
  author={Athey, Susan and Tibshirani, Julie and Wager, Stefan},
  journal={The Annals of Statistics},
  volume={47},
  number={2},
  pages={1148--1178},
  year={2019},
  publisher={Institute of Mathematical Statistics}
}

@inproceedings{oprescu2019orthogonal,
  title={Orthogonal random forest for causal inference},
  author={Oprescu, Miruna and Syrgkanis, Vasilis and Wu, Zhiwei Steven},
  booktitle={International Conference on Machine Learning},
  pages={4932--4941},
  year={2019},
  organization={PMLR}
}

@article{robins1994correcting,
  title={Correcting for non-compliance in randomized trials using structural nested mean models},
  author={Robins, James M},
  journal={Communications in Statistics-Theory and methods},
  volume={23},
  number={8},
  pages={2379--2412},
  year={1994},
  publisher={Taylor \& Francis}
}


@article{ai2003efficient,
  title={Efficient estimation of models with conditional moment restrictions containing unknown functions},
  author={Ai, Chunrong and Chen, Xiaohong},
  journal={Econometrica},
  volume={71},
  number={6},
  pages={1795--1843},
  year={2003},
  publisher={Wiley Online Library}
}
@article{kennedy2017non,
  title={Non-parametric methods for doubly robust estimation of continuous treatment effects},
  author={Kennedy, Edward H and Ma, Zongming and McHugh, Matthew D and Small, Dylan S},
  journal={Journal of the Royal Statistical Society: Series B (Statistical Methodology)},
  volume={79},
  number={4},
  pages={1229--1245},
  year={2017},
  publisher={Wiley Online Library}
}

@article{semenova2021debiased,
  title={Debiased machine learning of conditional average treatment effects and other causal functions},
  author={Semenova, Vira and Chernozhukov, Victor},
  journal={The Econometrics Journal},
  volume={24},
  number={2},
  pages={264--289},
  year={2021},
  publisher={Oxford University Press}
}

@article{colangelo2020double,
  title={Double debiased machine learning nonparametric inference with continuous treatments},
  author={Colangelo, Kyle and Lee, Ying-Ying},
  journal={arXiv preprint arXiv:2004.03036},
  year={2020}
}



@article{athey2019estimating,
  title={Estimating treatment effects with causal forests: An application},
  author={Athey, Susan and Wager, Stefan},
  journal={Observational Studies},
  volume={5},
  number={2},
  pages={37--51},
  year={2019},
  publisher={University of Pennsylvania Press}
}

@article{wager2018estimation,
  title={Estimation and inference of heterogeneous treatment effects using random forests},
  author={Wager, Stefan and Athey, Susan},
  journal={Journal of the American Statistical Association},
  volume={113},
  number={523},
  pages={1228--1242},
  year={2018},
  publisher={Taylor \& Francis}
}

@article{hahn2020bayesian,
  title={Bayesian regression tree models for causal inference: Regularization, confounding, and heterogeneous effects (with discussion)},
  author={Hahn, P Richard and Murray, Jared S and Carvalho, Carlos M},
  journal={Bayesian Analysis},
  volume={15},
  number={3},
  pages={965--1056},
  year={2020},
  publisher={International Society for Bayesian Analysis}
}

@article{foster2019orthogonal,
  title={Orthogonal statistical learning},
  author={Foster, Dylan J and Syrgkanis, Vasilis},
  journal={arXiv preprint arXiv:1901.09036},
  year={2019}
}

@article{tan2019doubly,
  title={On doubly robust estimation for logistic partially linear models},
  author={Tan, Zhiqiang},
  journal={Statistics \& Probability Letters},
  volume={155},
  pages={108577},
  year={2019},
  publisher={Elsevier}
}






@article{tan2019doubly,
  title={On doubly robust estimation for logistic partially linear models},
  author={Tan, Zhiqiang},
  journal={Statistics \& Probability Letters},
  volume={155},
  pages={108577},
  year={2019},
  publisher={Elsevier}
}



@article{fan2012variance,
  title={Variance estimation using refitted cross-validation in ultrahigh dimensional regression},
  author={Fan, Jianqing and Guo, Shaojun and Hao, Ning},
  journal={Journal of the Royal Statistical Society: Series B (Statistical Methodology)},
  volume={74},
  number={1},
  pages={37--65},
  year={2012},
  publisher={Wiley Online Library}
}


@article{schick1987note,
  title={A note on the construction of asymptotically linear estimators},
  author={Schick, Anton},
  journal={Journal of Statistical Planning and Inference},
  volume={16},
  pages={89--105},
  year={1987},
  publisher={Elsevier}
}
@article{klaassen1987consistent,
  title={Consistent estimation of the influence function of locally asymptotically linear estimators},
  author={Klaassen, Chris AJ},
  journal={The Annals of Statistics},
  volume={15},
  number={4},
  pages={1548--1562},
  year={1987},
  publisher={Institute of Mathematical Statistics}
}
@article{belloni2014pivotal,
  title={Pivotal estimation via square-root lasso in nonparametric regression},
  author={Belloni, Alexandre and Chernozhukov, Victor and Wang, Lie},
  journal={The Annals of Statistics},
  volume={42},
  number={2},
  pages={757--788},
  year={2014},
  publisher={Institute of Mathematical Statistics}
}


@book{van2000asymptotic,
  title={Asymptotic statistics},
  author={Van der Vaart, Aad W},
  volume={3},
  year={2000},
  publisher={Cambridge university press}
}
@article{newey1994asymptotic,
  title={The asymptotic variance of semiparametric estimators},
  author={Newey, Whitney K},
  journal={Econometrica: Journal of the Econometric Society},
  pages={1349--1382},
  year={1994},
  publisher={JSTOR}
}





@article{robinson1988root,
  title={Root-N-consistent semiparametric regression},
  author={Robinson, Peter M},
  journal={Econometrica: Journal of the Econometric Society},
  pages={931--954},
  year={1988},
  publisher={JSTOR}
}


@article{bickel1982adaptive,
  title={On adaptive estimation},
  author={Bickel, Peter J},
  journal={The Annals of Statistics},
  pages={647--671},
  year={1982},
  publisher={JSTOR}
}

@book{ibragimov2013statistical,
  title={Statistical estimation: asymptotic theory},
  author={Ibragimov, Ildar Abdulovich and Has' Minskii, Rafail Zalmanovich},
  volume={16},
  year={2013},
  publisher={Springer Science \& Business Media}
}

@book{bickel1993efficient,
  title={Efficient and adaptive estimation for semiparametric models},
  author={Bickel, Peter J and Klaassen, Chris AJ and Bickel, Peter J and Ritov, Yaâ€™acov and Klaassen, J and Wellner, Jon A and Ritov},
  volume={4},
  year={1993},
  publisher={Springer}
}




@article{dickey1979distribution,
 ISSN = {01621459},
 URL = {http://www.jstor.org/stable/2286348},
 author = {David A. Dickey and Wayne A. Fuller},
 journal = {Journal of the American Statistical Association},
 number = {366},
 pages = {427--431},
 publisher = {[American Statistical Association, Taylor & Francis, Ltd.]},
 title = {Distribution of the Estimators for Autoregressive Time Series With a Unit Root},
 urldate = {2022-07-08},
 volume = {74},
 year = {1979}
}

@article{white1959limiting,
 ISSN = {00034851},
 URL = {http://www.jstor.org/stable/2237423},
 author = {John S. White},
 journal = {The Annals of Mathematical Statistics},
 number = {3},
 pages = {831--834},
 publisher = {Institute of Mathematical Statistics},
 title = {The Limiting Distribution of the Serial Correlation Coefficient in the Explosive Case II},
 urldate = {2022-07-08},
 volume = {30},
 year = {1959}
}

@book{lattimore2020bandit,
  title={Bandit algorithms},
  author={Lattimore, Tor and Szepesv{\'a}ri, Csaba},
  year={2020},
  publisher={Cambridge University Press}
}

@article{nie2018why,
  title =    {Why Adaptively Collected Data Have Negative Bias and How to Correct for It},
  author =   {Nie, Xinkun and Tian, Xiaoying and Taylor, Jonathan and Zou, James},
  journal =    {Advances in Neural Information Processing Systems},
  pages =    {1261--1269},
  year =   {2018},
  volume =   {84}
  }




@article{zhang2021statistical,
  title={Statistical inference with m-estimators on adaptively collected data},
  author={Zhang, Kelly and Janson, Lucas and Murphy, Susan},
  journal={Advances in Neural Information Processing Systems},
  volume={34},
  pages={7460--7471},
  year={2021}
}

@article{lai1994asymptotic,
  title={Asymptotic properties of nonlinear least squares estimates in stochastic regression models},
  author={Lai, Tze Leung},
  journal={The Annals of Statistics},
  pages={1917--1930},
  year={1994},
  publisher={JSTOR}
}
@article{khamaru2021near,
  title={Near-optimal inference in adaptive linear regression},
  author={Khamaru, Koulik and Deshpande, Yash and Mackey, Lester and Wainwright, Martin J},
  journal={arXiv preprint arXiv:2107.02266},
  year={2021}
}



@article{abbasi2011online,
  title={Online least squares estimation with self-normalized processes: An application to bandit problems},
  author={Abbasi-Yadkori, Yasin and P{\'a}l, D{\'a}vid and Szepesv{\'a}ri, Csaba},
  journal={arXiv preprint arXiv:1102.2670},
  year={2011}
}
@inproceedings{deshpande2018accurate,
  title={Accurate inference for adaptive linear models},
  author={Deshpande, Yash and Mackey, Lester and Syrgkanis, Vasilis and Taddy, Matt},
  booktitle={International Conference on Machine Learning},
  pages={1194--1203},
  year={2018},
  organization={PMLR}
}

@article{howard2021time,
  title={Time-uniform, nonparametric, nonasymptotic confidence sequences},
  author={Howard, Steven R and Ramdas, Aaditya and McAuliffe, Jon and Sekhon, Jasjeet},
  journal={The Annals of Statistics},
  volume={49},
  number={2},
  pages={1055--1080},
  year={2021},
  publisher={Institute of Mathematical Statistics}
}



@article{kaufmann2016complexity,
  title={On the complexity of best-arm identification in multi-armed bandit models},
  author={Kaufmann, Emilie and Capp{\'e}, Olivier and Garivier, Aur{\'e}lien},
  journal={The Journal of Machine Learning Research},
  volume={17},
  number={1},
  pages={1--42},
  year={2016},
  publisher={JMLR. org}
}
@inproceedings{jamieson2014lil,
  title={lilâ€™ucb: An optimal exploration algorithm for multi-armed bandits},
  author={Jamieson, Kevin and Malloy, Matthew and Nowak, Robert and Bubeck, S{\'e}bastien},
  booktitle={Conference on Learning Theory},
  pages={423--439},
  year={2014},
  organization={PMLR}
}

@article{hirshberg2021augmented,
  title={Augmented minimax linear estimation},
  author={Hirshberg, David A and Wager, Stefan},
  journal={The Annals of Statistics},
  volume={49},
  number={6},
  pages={3206--3227},
  year={2021},
  publisher={Institute of Mathematical Statistics}
}





@article{lai1982least,
  title={Least squares estimates in stochastic regression models with applications to identification and control of dynamic systems},
  author={Lai, Tze Leung and Wei, Ching Zong},
  journal={The Annals of Statistics},
  volume={10},
  number={1},
  pages={154--166},
  year={1982},
  publisher={Institute of Mathematical Statistics}
}

@article{del2018taylor,
  title={A {T}aylor expansion of the square root matrix function},
  author={Del Moral, Pierre and Niclas, Angele},
  journal={Journal of Mathematical Analysis and Applications},
  volume={465},
  number={1},
  pages={259--266},
  year={2018},
  publisher={Elsevier}
}


@book{wainwright2019high,
  title={High-dimensional statistics: A non-asymptotic viewpoint},
  author={Wainwright, Martin J},
  volume={48},
  year={2019},
  publisher={Cambridge University Press}
}


@article{arjevani2019lower,
  title={Lower bounds for non-convex stochastic optimization},
  author={Arjevani, Yossi and Carmon, Yair and Duchi, John C and Foster, Dylan J and Srebro, Nathan and Woodworth, Blake},
  journal={arXiv preprint arXiv:1912.02365},
  year={2019}
}
@article{carmon2020lower,
  title={Lower bounds for finding stationary points I},
  author={Carmon, Yair and Duchi, John C and Hinder, Oliver and Sidford, Aaron},
  journal={Mathematical Programming},
  volume={184},
  number={1},
  pages={71--120},
  year={2020},
  publisher={Springer}
}

@article{carmon2021lower,
  title={Lower bounds for finding stationary points II: first-order methods},
  author={Carmon, Yair and Duchi, John C and Hinder, Oliver and Sidford, Aaron},
  journal={Mathematical Programming},
  volume={185},
  number={1},
  pages={315--355},
  year={2021},
  publisher={Springer}
}

@inproceedings{arjevani2020second,
  title={Second-order information in non-convex stochastic optimization: Power and limitations},
  author={Arjevani, Yossi and Carmon, Yair and Duchi, John C and Foster, Dylan J and Sekhari, Ayush and Sridharan, Karthik},
  booktitle={Conference on Learning Theory},
  pages={242--299},
  year={2020},
  organization={PMLR}
}

@article{ghadimi2013stochastic,
  title={Stochastic first-and zeroth-order methods for nonconvex stochastic programming},
  author={Ghadimi, Saeed and Lan, Guanghui},
  journal={SIAM Journal on Optimization},
  volume={23},
  number={4},
  pages={2341--2368},
  year={2013},
  publisher={SIAM}
}

@inproceedings{foster2019complexity,
  title={The complexity of making the gradient small in stochastic convex optimization},
  author={Foster, Dylan J and Sekhari, Ayush and Shamir, Ohad and Srebro, Nathan and Sridharan, Karthik and Woodworth, Blake},
  booktitle={Conference on Learning Theory},
  pages={1319--1345},
  year={2019},
  organization={PMLR}
}
@article{nemirovskij1983problem,
  title={Problem complexity and method efficiency in optimization},
  author={Nemirovskij, Arkadij Semenovi{\v{c}} and Yudin, David Borisovich},
  year={1983},
  publisher={Wiley-Interscience}
}

@inproceedings{ge2015escaping,
  title={Escaping from saddle pointsâ€”online stochastic gradient for tensor decomposition},
  author={Ge, Rong and Huang, Furong and Jin, Chi and Yuan, Yang},
  booktitle={Conference on learning theory},
  pages={797--842},
  year={2015},
  organization={PMLR}
}


@article{ge2016matrix,
  title={Matrix completion has no spurious local minimum},
  author={Ge, Rong and Lee, Jason D and Ma, Tengyu},
  journal={Advances in Neural Information Processing Systems},
  volume={29},
  year={2016}
}

@inproceedings{ma2018implicit,
  title={Implicit regularization in nonconvex statistical estimation: Gradient descent converges linearly for phase retrieval and matrix completion},
  author={Ma, Cong and Wang, Kaizheng and Chi, Yuejie and Chen, Yuxin},
  booktitle={International Conference on Machine Learning},
  pages={3345--3354},
  year={2018},
  organization={PMLR}
}


@inproceedings{yao1977probabilistic,
  title={Probabilistic computations: Toward a unified measure of complexity},
  author={Yao, Andrew Chi-Chin},
  booktitle={18th Annual Symposium on Foundations of Computer Science (sfcs 1977)},
  pages={222--227},
  year={1977},
  organization={IEEE Computer Society}
}




@article{carmon2021lower,
  title={Lower bounds for finding stationary points II: first-order methods},
  author={Carmon, Yair and Duchi, John C and Hinder, Oliver and Sidford, Aaron},
  journal={Mathematical Programming},
  volume={185},
  number={1},
  pages={315--355},
  year={2021},
  publisher={Springer}
}

@article{lei2017non,
  title={Non-convex finite-sum optimization via scsg methods},
  author={Lei, Lihua and Ju, Cheng and Chen, Jianbo and Jordan, Michael I},
  journal={Advances in Neural Information Processing Systems},
  volume={30},
  year={2017}
}
@article{fang2018spider,
  title={Spider: Near-optimal non-convex optimization via stochastic path-integrated differential estimator},
  author={Fang, Cong and Li, Chris Junchi and Lin, Zhouchen and Zhang, Tong},
  journal={Advances in Neural Information Processing Systems},
  volume={31},
  year={2018}
}
@article{zhou2018stochastic,
  title={Stochastic nested variance reduction for nonconvex optimization},
  author={Zhou, Dongruo and Xu, Pan and Gu, Quanquan},
  journal={Advances in Neural Information Processing Systems},
  volume={31},
  year={2018}
}


@inproceedings{hinder2018cutting,
  title={Cutting plane methods can be extended into nonconvex optimization},
  author={Hinder, Oliver},
  booktitle={Conference On Learning Theory},
  pages={1451--1454},
  year={2018},
  organization={PMLR}
}

@article{ghadimi2012optimal,
  title={Optimal stochastic approximation algorithms for strongly convex stochastic composite optimization i: A generic algorithmic framework},
  author={Ghadimi, Saeed and Lan, Guanghui},
  journal={SIAM Journal on Optimization},
  volume={22},
  number={4},
  pages={1469--1492},
  year={2012},
  publisher={SIAM}
}
@article{allen2018make,
  title={How to make the gradients small stochastically: Even faster convex and nonconvex sgd},
  author={Allen-Zhu, Zeyuan},
  journal={Advances in Neural Information Processing Systems},
  volume={31},
  year={2018}
}
@inproceedings{drori2020complexity,
  title={The complexity of finding stationary points with stochastic gradient descent},
  author={Drori, Yoel and Shamir, Ohad},
  booktitle={International Conference on Machine Learning},
  pages={2658--2667},
  year={2020},
  organization={PMLR}
}

@article{birgin2017worst,
  title={Worst-case evaluation complexity for unconstrained nonlinear optimization using high-order regularized models},
  author={Birgin, Ernesto G and Gardenghi, JL and Mart{\'\i}nez, Jos{\'e} Mario and Santos, Sandra Augusta and Toint, Ph L},
  journal={Mathematical Programming},
  volume={163},
  number={1},
  pages={359--368},
  year={2017},
  publisher={Springer}
}

@article{nesterov2006cubic,
  title={Cubic regularization of Newton method and its global performance},
  author={Nesterov, Yurii and Polyak, Boris T},
  journal={Mathematical Programming},
  volume={108},
  number={1},
  pages={177--205},
  year={2006},
  publisher={Springer}
}
@inproceedings{nguyen2017sarah,
  title={SARAH: A novel method for machine learning problems using stochastic recursive gradient},
  author={Nguyen, Lam M and Liu, Jie and Scheinberg, Katya and Tak{\'a}{\v{c}}, Martin},
  booktitle={International Conference on Machine Learning},
  pages={2613--2621},
  year={2017},
  organization={PMLR}
}
@article{sun2018geometric,
  title={A geometric analysis of phase retrieval},
  author={Sun, Ju and Qu, Qing and Wright, John},
  journal={Foundations of Computational Mathematics},
  volume={18},
  number={5},
  pages={1131--1198},
  year={2018},
  publisher={Springer}
}



@article{bellec2021second,
  title={Second-order Stein: SURE for SURE and other applications in high-dimensional inference},
  author={Bellec, Pierre C and Zhang, Cun-Hui},
  journal={The Annals of Statistics},
  volume={49},
  number={4},
  pages={1864--1903},
  year={2021},
  publisher={Institute of Mathematical Statistics}
}
@article{barbier2017mutual,
  author    = {Jean Barbier and
               Nicolas Macris and
               Mohamad Dia and
               Florent Krzakala},
  title     = {Mutual Information and Optimality of Approximate Message-Passing in
               Random Linear Estimation},
  journal   = {CoRR},
  volume    = {abs/1701.05823},
  year      = {2017},
  url       = {http://arxiv.org/abs/1701.05823},
  eprinttype = {arXiv},
  eprint    = {1701.05823},
  timestamp = {Mon, 13 Aug 2018 16:46:29 +0200},
  biburl    = {https://dblp.org/rec/journals/corr/BarbierMDK17.bib},
  bibsource = {dblp computer science bibliography, https://dblp.org}
}
@article{zdeborova2016statistical,
  title={Statistical physics of inference: Thresholds and algorithms},
  author={Zdeborov{\'a}, Lenka and Krzakala, Florent},
  journal={Advances in Physics},
  volume={65},
  number={5},
  pages={453--552},
  year={2016},
  publisher={Taylor \& Francis}
}

@book{talagrand2010mean,
  title={Mean field models for spin glasses: Volume I: Basic examples},
  author={Talagrand, Michel},
  volume={54},
  year={2010},
  publisher={Springer Science \& Business Media}
}

@book{mezard2009information,
  title={Information, physics, and computation},
  author={Mezard, Marc and Montanari, Andrea},
  year={2009},
  publisher={Oxford University Press}
}

@article{thrampoulidis2018precise,
  title={Precise error analysis of regularized $ M $-estimators in high dimensions},
  author={Thrampoulidis, Christos and Abbasi, Ehsan and Hassibi, Babak},
  journal={IEEE Transactions on Information Theory},
  volume={64},
  number={8},
  pages={5592--5628},
  year={2018},
  publisher={IEEE}
}


@article{wang2017bridge,
  title={Which bridge estimator is optimal for variable selection?},
  author={Wang, Shuaiwen and Weng, Haolei and Maleki, Arian},
  journal={arXiv preprint arXiv:1705.08617},
  year={2017}
}
@article{wang2020power,
  title={A Power Analysis of the Conditional Randomization Test and Knockoffs},
  author={Wang, Wenshuo and Janson, Lucas},
  journal={arXiv preprint arXiv:2010.02304},
  year={2020}
}

@article{su2017false,
  title={False discoveries occur early on the lasso path},
  author={Su, Weijie and Bogdan, Ma{\l}gorzata and Candes, Emmanuel},
  journal={The Annals of statistics},
  pages={2133--2150},
  year={2017},
  publisher={JSTOR}
}
@article{tibshirani1996regression,
  title={Regression shrinkage and selection via the lasso},
  author={Tibshirani, Robert},
  journal={Journal of the Royal Statistical Society: Series B (Methodological)},
  volume={58},
  number={1},
  pages={267--288},
  year={1996},
  publisher={Wiley Online Library}
}

@article{sarkar2008general,
  title={A general decision theoretic formulation of procedures controlling FDR and FNR from a Bayesian perspective},
  author={Sarkar, Sanat K and Zhou, Tianhui and Ghosh, Debashis},
  journal={Statistica Sinica},
  pages={925--945},
  year={2008},
  publisher={JSTOR}
}

@article{storey2003positive,
  title={The positive false discovery rate: a Bayesian interpretation and the q-value},
  author={Storey, John D},
  journal={The Annals of Statistics},
  volume={31},
  number={6},
  pages={2013--2035},
  year={2003},
  publisher={Institute of Mathematical Statistics}
}

@article{su2017false,
  title={False discoveries occur early on the lasso path},
  author={Su, Weijie and Bogdan, Ma{\l}gorzata and Candes, Emmanuel},
  journal={The Annals of statistics},
  pages={2133--2150},
  year={2017},
  publisher={JSTOR}
}

@article{barbier2021performance,
  title={Performance of Bayesian linear regression in a model with mismatch},
  author={Barbier, Jean and Chen, Wei-Kuo and Panchenko, Dmitry and S{\'a}enz, Manuel},
  journal={arXiv preprint arXiv:2107.06936},
  year={2021}
}


@article{lelarge2019fundamental,
  title={Fundamental limits of symmetric low-rank matrix estimation},
  author={Lelarge, Marc and Miolane, L{\'e}o},
  journal={Probability Theory and Related Fields},
  volume={173},
  number={3},
  pages={859--929},
  year={2019},
  publisher={Springer}
}

@article{deshpande2015asymptotic,
  title={Asymptotic mutual information for the two-groups stochastic block model},
  author={Deshpande, Yash and Abbe, Emmanuel and Montanari, Andrea},
  journal={arXiv preprint arXiv:1507.08685},
  year={2015}
}

@inproceedings{barbier2016mutual,
  title={The mutual information in random linear estimation},
  author={Barbier, Jean and Dia, Mohamad and Macris, Nicolas and Krzakala, Florent},
  booktitle={2016 54th Annual Allerton Conference on Communication, Control, and Computing (Allerton)},
  pages={625--632},
  year={2016},
  organization={IEEE}
}


@article{barbier2019adaptive,
  title={The adaptive interpolation method: a simple scheme to prove replica formulas in Bayesian inference},
  author={Barbier, Jean and Macris, Nicolas},
  journal={Probability theory and related fields},
  volume={174},
  number={3},
  pages={1133--1185},
  year={2019},
  publisher={Springer}
}


@article{barbier2019optimal,
  title={Optimal errors and phase transitions in high-dimensional generalized linear models},
  author={Barbier, Jean and Krzakala, Florent and Macris, Nicolas and Miolane, L{\'e}o and Zdeborov{\'a}, Lenka},
  journal={Proceedings of the National Academy of Sciences},
  volume={116},
  number={12},
  pages={5451--5460},
  year={2019},
  publisher={National Acad Sciences}
}

@article{celentano2020lasso,
  title={The Lasso with general Gaussian designs with applications to hypothesis testing},
  author={Celentano, Michael and Montanari, Andrea and Wei, Yuting},
  journal={arXiv preprint arXiv:2007.13716},
  year={2020}
}

@inproceedings{thrampoulidis2015regularized,
  title={Regularized linear regression: A precise analysis of the estimation error},
  author={Thrampoulidis, Christos and Oymak, Samet and Hassibi, Babak},
  booktitle={Conference on Learning Theory},
  pages={1683--1709},
  year={2015},
  organization={PMLR}
}


@inproceedings{oymak2013squared,
  title={The squared-error of generalized lasso: A precise analysis},
  author={Oymak, Samet and Thrampoulidis, Christos and Hassibi, Babak},
  booktitle={2013 51st Annual Allerton Conference on Communication, Control, and Computing (Allerton)},
  pages={1002--1009},
  year={2013},
  organization={IEEE}
}

@article{ma2020global,
  title={Global and simultaneous hypothesis testing for high-dimensional logistic regression models},
  author={Ma, Rong and Tony Cai, T and Li, Hongzhe},
  journal={Journal of the American Statistical Association},
  pages={1--15},
  year={2020},
  publisher={Taylor \& Francis}
}

@article{ba2016layer,
  title={Layer normalization},
  author={Ba, Jimmy Lei and Kiros, Jamie Ryan and Hinton, Geoffrey E},
  journal={arXiv preprint arXiv:1607.06450},
  year={2016}
}
@article{russo2018tutorial,
  title={A tutorial on thompson sampling},
  author={Russo, Daniel J and Van Roy, Benjamin and Kazerouni, Abbas and Osband, Ian and Wen, Zheng and others},
  journal={Foundations and Trends{\textregistered} in Machine Learning},
  volume={11},
  number={1},
  pages={1--96},
  year={2018},
  publisher={Now Publishers, Inc.}
}
@article{laurent2000adaptive,
  title={Adaptive estimation of a quadratic functional by model selection},
  author={Laurent, Beatrice and Massart, Pascal},
  journal={Annals of statistics},
  pages={1302--1338},
  year={2000},
  publisher={JSTOR}
}

@inproceedings{rangan2011generalized,
  title={Generalized approximate message passing for estimation with random linear mixing},
  author={Rangan, Sundeep},
  booktitle={2011 IEEE International Symposium on Information Theory Proceedings},
  pages={2168--2172},
  year={2011},
  organization={IEEE}
}

@article{donoho2016high,
  title={High dimensional robust m-estimation: Asymptotic variance via approximate message passing},
  author={Donoho, David and Montanari, Andrea},
  journal={Probability Theory and Related Fields},
  volume={166},
  number={3},
  pages={935--969},
  year={2016},
  publisher={Springer}
}


@article{bayati2011dynamics,
  title={The dynamics of message passing on dense graphs, with applications to compressed sensing},
  author={Bayati, Mohsen and Montanari, Andrea},
  journal={IEEE Transactions on Information Theory},
  volume={57},
  number={2},
  pages={764--785},
  year={2011},
  publisher={IEEE}
}


@article{donoho2009message,
  title={Message-passing algorithms for compressed sensing},
  author={Donoho, David L and Maleki, Arian and Montanari, Andrea},
  journal={Proceedings of the National Academy of Sciences},
  volume={106},
  number={45},
  pages={18914--18919},
  year={2009},
  publisher={National Acad Sciences}
}

@article{abramovich2006adapting,
  title={Adapting to unknown sparsity by controlling the false discovery rate},
  author={Abramovich, Felix and Benjamini, Yoav and Donoho, David L and Johnstone, Iain M},
  journal={The Annals of Statistics},
  volume={34},
  number={2},
  pages={584--653},
  year={2006},
  publisher={Institute of Mathematical Statistics}
}




@article{zhang2020estimation,
  title={Estimation, confidence intervals, and large-scale hypotheses testing for high-dimensional mixed linear regression},
  author={Zhang, Linjun and Ma, Rong and Cai, T Tony and Li, Hongzhe},
  journal={arXiv preprint arXiv:2011.03598},
  year={2020}
}



@article{yang2021bonus,
  title={BONuS: Multiple multivariate testing with a data-adaptivetest statistic},
  author={Yang, Chiao-Yu and Let, Lihua and Ho, Nhat and Fithian, Will},
  journal={arXiv preprint arXiv:2106.15743},
  year={2021}
}


@inproceedings{gimenez2019improving,
  title={Improving the stability of the knockoff procedure: Multiple simultaneous knockoffs and entropy maximization},
  author={Gimenez, Jaime Roquero and Zou, James},
  booktitle={The 22nd International Conference on Artificial Intelligence and Statistics},
  pages={2184--2192},
  year={2019},
  organization={PMLR}
}

@inproceedings{zhang2019adafdr,
  title={AdaFDR: A Fast, Powerful and Covariate-Adaptive Approach to Multiple Hypothesis Testing.},
  author={Zhang, Martin J and Xia, Fei and Zou, James},
  booktitle={RECOMB},
  pages={330--333},
  year={2019}
}


@article{xia2017neuralfdr,
  title={Neuralfdr: Learning discovery thresholds from hypothesis features},
  author={Xia, Fei and Zhang, Martin J and Zou, James and Tse, David},
  journal={arXiv preprint arXiv:1711.01312},
  year={2017}
}



@article{lei2017star,
  title={STAR: A general interactive framework for FDR control under structural constraints},
  author={Lei, Lihua and Ramdas, Aaditya and Fithian, William},
  journal={arXiv preprint arXiv:1710.02776},
  year={2017}
}



@article{lei2016adapt,
  title={AdaPT: an interactive procedure for multiple testing with side information},
  author={Lei, Lihua and Fithian, William},
  journal={arXiv preprint arXiv:1609.06035},
  year={2016}
}




@article{muller2006fdr,
  title={FDR and Bayesian multiple comparisons rules},
  author={Muller, Peter and Parmigiani, Giovanni and Rice, Kenneth},
  year={2006},
  publisher={bepress}
}

@article{muller2004optimal,
  title={Optimal sample size for multiple testing: the case of gene expression microarrays},
  author={M{\"u}ller, Peter and Parmigiani, Giovanni and Robert, Christian and Rousseau, Judith},
  journal={Journal of the American Statistical Association},
  volume={99},
  number={468},
  pages={990--1001},
  year={2004},
  publisher={Taylor \& Francis}
}



@article{storey2007optimal,
  title={The optimal discovery procedure: a new approach to simultaneous significance testing},
  author={Storey, John D},
  journal={Journal of the Royal Statistical Society: Series B (Statistical Methodology)},
  volume={69},
  number={3},
  pages={347--368},
  year={2007},
  publisher={Wiley Online Library}
}



@article{storey2004strong,
  title={Strong control, conservative point estimation and simultaneous conservative consistency of false discovery rates: a unified approach},
  author={Storey, John D and Taylor, Jonathan E and Siegmund, David},
  journal={Journal of the Royal Statistical Society: Series B (Statistical Methodology)},
  volume={66},
  number={1},
  pages={187--205},
  year={2004},
  publisher={Wiley Online Library}
}


@article{xing2021controlling,
  title={Controlling false discovery rate using gaussian mirrors},
  author={Xing, Xin and Zhao, Zhigen and Liu, Jun S},
  journal={Journal of the American Statistical Association},
  number={just-accepted},
  pages={1--45},
  year={2021},
  publisher={Taylor \& Francis}
}


@article{bu2019algorithmic,
  title={Algorithmic analysis and statistical estimation of slope via approximate message passing},
  author={Bu, Zhiqi and Klusowski, Jason and Rush, Cynthia and Su, Weijie},
  journal={Advances in Neural Information Processing Systems},
  volume={32},
  pages={9366--9376},
  year={2019}
}



@article{wang2019does,
  title={Does SLOPE outperform bridge regression?},
  author={Wang, Shuaiwen and Weng, Haolei and Maleki, Arian},
  journal={arXiv preprint arXiv:1909.09345},
  year={2019}
}


@article{bu2021characterizing,
  title={Characterizing the SLOPE Trade-off: A Variational Perspective and the Donoho-Tanner Limit},
  author={Bu, Zhiqi and Klusowski, Jason and Rush, Cynthia and Su, Weijie J},
  journal={arXiv preprint arXiv:2105.13302},
  year={2021}
}


@inproceedings{hu2019asymptotics,
  title={Asymptotics and optimal designs of SLOPE for sparse linear regression},
  author={Hu, Hong and Lu, Yue M},
  booktitle={2019 IEEE International Symposium on Information Theory (ISIT)},
  pages={375--379},
  year={2019},
  organization={IEEE}
}

@article{celentano2019approximate,
  title={Approximate separability of symmetrically penalized least squares in high dimensions: characterization and consequences},
  author={Celentano, Michael},
  journal={arXiv preprint arXiv:1906.10319},
  year={2019}
}


@article{celentano2019fundamental,
  title={Fundamental barriers to high-dimensional regression with convex penalties},
  author={Celentano, Michael and Montanari, Andrea},
  journal={arXiv preprint arXiv:1903.10603},
  year={2019}
}


@article{berthier2020state,
  title={State evolution for approximate message passing with non-separable functions},
  author={Berthier, Raphael and Montanari, Andrea and Nguyen, Phan-Minh},
  journal={Information and Inference: A Journal of the IMA},
  volume={9},
  number={1},
  pages={33--79},
  year={2020},
  publisher={Oxford University Press}
}


@article{su2016slope,
  title={SLOPE is adaptive to unknown sparsity and asymptotically minimax},
  author={Su, Weijie and Candes, Emmanuel},
  journal={The Annals of Statistics},
  volume={44},
  number={3},
  pages={1038--1068},
  year={2016},
  publisher={Institute of Mathematical Statistics}
}

@article{bogdan2015slope,
  title={SLOPEâ€”adaptive variable selection via convex optimization},
  author={Bogdan, Ma{\l}gorzata and Van Den Berg, Ewout and Sabatti, Chiara and Su, Weijie and Cand{\`e}s, Emmanuel J},
  journal={The annals of applied statistics},
  volume={9},
  number={3},
  pages={1103},
  year={2015},
  publisher={NIH Public Access}
}


@article{shafer2019language,
  title={The language of betting as a strategy for statistical and scientific communication},
  author={Shafer, Glenn},
  journal={arXiv preprint arXiv:1903.06991},
  year={2019}
}


@article{vovk2021values,
  title={E-values: Calibration, combination and applications},
  author={Vovk, Vladimir and Wang, Ruodu},
  journal={The Annals of Statistics},
  volume={49},
  number={3},
  pages={1736--1754},
  year={2021},
  publisher={Institute of Mathematical Statistics}
}


@article{dai2020scale,
  title={A Scale-free Approach for False Discovery Rate Control in Generalized Linear Models},
  author={Dai, Chenguang and Lin, Buyu and Xing, Xin and Liu, Jun S},
  journal={arXiv preprint arXiv:2007.01237},
  year={2020}
}

@article{dai2020false,
  title={False discovery rate control via data splitting},
  author={Dai, Chenguang and Lin, Buyu and Xing, Xin and Liu, Jun S},
  journal={arXiv preprint arXiv:2002.08542},
  year={2020}
}


@article{ke2020power,
  title={Power of fdr control methods: The impact of ranking algorithm, tampered design, and symmetric statistic},
  author={Ke, Zheng Tracy and Liu, Jun S and Ma, Yucong},
  journal={arXiv preprint arXiv:2010.08132},
  year={2020}
}


@article{berrett2020conditional,
  title={The conditional permutation test for independence while controlling for confounders},
  author={Berrett, Thomas B and Wang, Yi and Barber, Rina Foygel and Samworth, Richard J},
  journal={Journal of the Royal Statistical Society: Series B (Statistical Methodology)},
  volume={82},
  number={1},
  pages={175--197},
  year={2020},
  publisher={Wiley Online Library}
}



@article{tansey2018holdout,
  title={The holdout randomization test: Principled and easy black box feature selection},
  author={Tansey, Wesley and Veitch, Victor and Zhang, Haoran and Rabadan, Raul and Blei, David M},
  journal={arXiv e-prints},
  pages={arXiv--1811},
  year={2018}
}

@article{liu2020fast,
  title={Fast and powerful conditional randomization testing via distillation},
  author={Liu, Molei and Katsevich, Eugene and Janson, Lucas and Ramdas, Aaditya},
  journal={arXiv preprint arXiv:2006.03980},
  year={2020}
}


@article{efron2001empirical,
  title={Empirical Bayes analysis of a microarray experiment},
  author={Efron, Bradley and Tibshirani, Robert and Storey, John D and Tusher, Virginia},
  journal={Journal of the American statistical association},
  volume={96},
  number={456},
  pages={1151--1160},
  year={2001},
  publisher={Taylor \& Francis}
}

@article{storey2002direct,
  title={A direct approach to false discovery rates},
  author={Storey, John D},
  journal={Journal of the Royal Statistical Society: Series B (Statistical Methodology)},
  volume={64},
  number={3},
  pages={479--498},
  year={2002},
  publisher={Wiley Online Library}
}



@article{sun2007oracle,
  title={Oracle and adaptive compound decision rules for false discovery rate control},
  author={Sun, Wenguang and Cai, T Tony},
  journal={Journal of the American Statistical Association},
  volume={102},
  number={479},
  pages={901--912},
  year={2007},
  publisher={Taylor \& Francis}
}

@article{xie2011optimal,
  title={Optimal false discovery rate control for dependent data},
  author={Xie, Jichun and Cai, T Tony and Maris, John and Li, Hongzhe},
  journal={Statistics and its interface},
  volume={4},
  number={4},
  pages={417},
  year={2011},
  publisher={NIH Public Access}
}

@misc{efron2005local,
  title={Local false discovery rates},
  author={Efron, Bradley},
  year={2005},
  publisher={Citeseer}
}

@article{benjamini2000adaptive,
  title={On the adaptive control of the false discovery rate in multiple testing with independent statistics},
  author={Benjamini, Yoav and Hochberg, Yosef},
  journal={Journal of educational and Behavioral Statistics},
  volume={25},
  number={1},
  pages={60--83},
  year={2000},
  publisher={SAGE Publications Sage CA: Los Angeles, CA}
}

@article{genovese2002operating,
  title={Operating characteristics and extensions of the false discovery rate procedure},
  author={Genovese, Christopher and Wasserman, Larry},
  journal={Journal of the Royal Statistical Society: Series B (Statistical Methodology)},
  volume={64},
  number={3},
  pages={499--517},
  year={2002},
  publisher={Wiley Online Library}
}


@article{benjamini2001control,
  title={The control of the false discovery rate in multiple testing under dependency},
  author={Benjamini, Yoav and Yekutieli, Daniel},
  journal={Annals of statistics},
  pages={1165--1188},
  year={2001},
  publisher={JSTOR}
}

@article{benjamini1995controlling,
  title={Controlling the false discovery rate: a practical and powerful approach to multiple testing},
  author={Benjamini, Yoav and Hochberg, Yosef},
  journal={Journal of the Royal statistical society: series B (Methodological)},
  volume={57},
  number={1},
  pages={289--300},
  year={1995},
  publisher={Wiley Online Library}
}


@article {Bates2020causal,
	author = {Bates, Stephen and Sesia, Matteo and Sabatti, Chiara and Cand{\`e}s, Emmanuel},
	title = {Causal inference in genetic trio studies},
	volume = {117},
	number = {39},
	pages = {24117--24126},
	year = {2020},
	doi = {10.1073/pnas.2007743117},
	publisher = {National Academy of Sciences},
	issn = {0027-8424},
	URL = {https://www.pnas.org/content/117/39/24117},
	eprint = {https://www.pnas.org/content/117/39/24117.full.pdf},
	journal = {Proceedings of the National Academy of Sciences}
}


@article{dai2020scale,
  title={A Scale-free Approach for False Discovery Rate Control in Generalized Linear Models},
  author={Dai, Chenguang and Lin, Buyu and Xing, Xin and Liu, Jun S},
  journal={arXiv preprint arXiv:2007.01237},
  year={2020}
}

@article{weinstein2020power,
  title={A power analysis for knockoffs with the lasso coefficient-difference statistic},
  author={Weinstein, Asaf and Su, Weijie J and Bogdan, Ma{\l}gorzata and Barber, Rina F and Cand{\`e}s, Emmanuel J},
  journal={arXiv preprint arXiv:2007.15346},
  year={2020}
}

@article{bogdan2011asymptotic,
  title={Asymptotic Bayes-optimality under sparsity of some multiple testing procedures},
  author={Bogdan, Ma{\l}gorzata and Chakrabarti, Arijit and Frommlet, Florian and Ghosh, Jayanta K},
  journal={The Annals of Statistics},
  pages={1551--1579},
  year={2011},
  publisher={JSTOR}
}

@article{bu2019algorithmic,
  title={Algorithmic analysis and statistical estimation of slope via approximate message passing},
  author={Bu, Zhiqi and Klusowski, Jason and Rush, Cynthia and Su, Weijie},
  journal={arXiv preprint arXiv:1907.07502},
  year={2019}
}


@article{weinstein2017power,
  title={A power and prediction analysis for knockoffs with lasso statistics},
  author={Weinstein, Asaf and Barber, Rina and Candes, Emmanuel},
  journal={arXiv preprint arXiv:1712.06465},
  year={2017}
}



@article{wang2020false,
  title={False discovery rate control with e-values},
  author={Wang, Ruodu and Ramdas, Aaditya},
  journal={arXiv preprint arXiv:2009.02824},
  year={2020}
}



@article{tansey2020double,
  title={Double Empirical Bayes Testing},
  author={Tansey, Wesley and Wang, Yixin and Rabadan, Raul and Blei, David},
  journal={International Statistical Review},
  volume={88},
  pages={S91--S113},
  year={2020},
  publisher={Wiley Online Library}
}

@article{wang2020complete,
  title={The Complete Lasso Tradeoff Diagram},
  author={Wang, Hua and Yang, Yachong and Bu, Zhiqi and Su, Weijie},
  journal={Advances in Neural Information Processing Systems},
  volume={33},
  year={2020}
}

@article{candes2016panning,
  title={Panning for gold: Model-X knockoffs for high-dimensional controlled variable selection},
  author={Candes, Emmanuel and Fan, Yingying and Janson, Lucas and Lv, Jinchi},
  journal={arXiv preprint arXiv:1610.02351},
  year={2016}
}


@article{barber2015controlling,
  title={Controlling the false discovery rate via knockoffs},
  author={Barber, Rina Foygel and Cand{\`e}s, Emmanuel J},
  journal={The Annals of Statistics},
  volume={43},
  number={5},
  pages={2055--2085},
  year={2015},
  publisher={Institute of Mathematical Statistics}
}


@article{liu2019power,
  title={Power analysis of knockoff filters for correlated designs},
  author={Liu, Jingbo and Rigollet, Philippe},
  journal={arXiv preprint arXiv:1910.12428},
  year={2019}
}

@article{wang2019does,
  title={Does SLOPE outperform bridge regression?},
  author={Wang, Shuaiwen and Weng, Haolei and Maleki, Arian},
  journal={arXiv preprint arXiv:1909.09345},
  year={2019}
}
@article{agarwal2019reinforcement,
  title={Reinforcement learning: Theory and algorithms},
  author={Agarwal, Alekh and Jiang, Nan and Kakade, Sham M and Sun, Wen},
  journal={CS Dept., UW Seattle, Seattle, WA, USA, Tech. Rep},
  volume={32},
  year={2019}
}
@inproceedings{azar2017minimax,
  title={Minimax regret bounds for reinforcement learning},
  author={Azar, Mohammad Gheshlaghi and Osband, Ian and Munos, R{\'e}mi},
  booktitle={International Conference on Machine Learning},
  pages={263--272},
  year={2017},
  organization={PMLR}
}
@article{foster2021statistical,
  title={The statistical complexity of interactive decision making},
  author={Foster, Dylan J and Kakade, Sham M and Qian, Jian and Rakhlin, Alexander},
  journal={arXiv preprint arXiv:2112.13487},
  year={2021}
}
@article{agrawal2017near,
  title={Near-optimal regret bounds for thompson sampling},
  author={Agrawal, Shipra and Goyal, Navin},
  journal={Journal of the ACM (JACM)},
  volume={64},
  number={5},
  pages={1--24},
  year={2017},
  publisher={ACM New York, NY, USA}
}
@article{lu1998pade,
  title={A Pad{\'e} approximation method for square roots of symmetric positive definite matrices},
  author={Lu, Ya Yan},
  journal={SIAM journal on matrix analysis and applications},
  volume={19},
  number={3},
  pages={833--845},
  year={1998},
  publisher={SIAM}
}

@inproceedings{chu2011contextual,
  title={Contextual bandits with linear payoff functions},
  author={Chu, Wei and Li, Lihong and Reyzin, Lev and Schapire, Robert},
  booktitle={Proceedings of the Fourteenth International Conference on Artificial Intelligence and Statistics},
  pages={208--214},
  year={2011},
  organization={JMLR Workshop and Conference Proceedings}
}


@article{bai2023transformers,
  title={Transformers as Statisticians: Provable In-Context Learning with In-Context Algorithm Selection},
  author={Bai, Yu and Chen, Fan and Wang, Huan and Xiong, Caiming and Mei, Song},
  journal={arXiv preprint arXiv:2306.04637},
  year={2023}
}

@article{chen2022partially,
  title={Partially Observable RL with B-Stability: Unified Structural Condition and Sharp Sample-Efficient Algorithms},
  author={Chen, Fan and Bai, Yu and Mei, Song},
  journal={arXiv preprint arXiv:2209.14990},
  year={2022}
}
@book{nesterov2003introductory,
  title={Introductory lectures on convex optimization: A basic course},
  author={Nesterov, Yurii},
  volume={87},
  year={2003},
  publisher={Springer Science \& Business Media}
}

@article{attia2021algorithmic,
  title={Algorithmic instabilities of accelerated gradient descent},
  author={Attia, Amit and Koren, Tomer},
  journal={Advances in Neural Information Processing Systems},
  volume={34},
  pages={1204--1214},
  year={2021}
}

@article{assran2020convergence,
  title={On the convergence of Nesterov's accelerated gradient method in stochastic settings},
  author={Assran, Mahmoud and Rabbat, Michael},
  journal={arXiv preprint arXiv:2002.12414},
  year={2020}
}

@inproceedings{li2010contextual,
  title={A contextual-bandit approach to personalized news article recommendation},
  author={Li, Lihong and Chu, Wei and Langford, John and Schapire, Robert E},
  booktitle={Proceedings of the 19th international conference on World wide web},
  pages={661--670},
  year={2010}
}
@article{montanari2021estimation,
  title={Estimation of low-rank matrices via approximate message passing},
  author={Montanari, Andrea and Venkataramanan, Ramji},
  journal={The Annals of Statistics},
  volume={49},
  number={1},
  pages={321--345},
  year={2021},
  publisher={Institute of Mathematical Statistics}
}